Account Name       :                	Mrs. TUMMALA  MADHAVI					
Address            :	FLATNO: 202 PLOTNO.406 SVS SAI ABODE					
                                    	"RD.NO.8B, GOPAL NAGAR, KPHB"					
                                    	HYDERABD-500085					
                                    	RANGA REDDY					
Date               :                	12-May-21					
Account Number     :	_00000030706869056					
Account Description:	REGULAR SB CHQ-INDIVIDUALS					
Branch             :	"SRILA PARK PRIDE, KUKATPALLY  "					
Drawing Power      :	0					
Interest Rate(% p.a.):	2.7					
MOD Balance      :	0					
CIF No.          :	_85471704565					
IFS (Indian Financial System) Code         :	SBIN0018875					
MICR (Magnetic Ink Character Recognition)  Code        :	_500002258					
Nomination Registered    :	Yes 					
Balance on 1 Mar 2021        :	"1,044.58"					
Start Date          :	01-Mar-21					
End Date            :	12-May-21					
Txn Date	Value Date	Description	Ref No./Cheque No.	        Debit	Credit	Balance
01-Mar-21	01-Mar-21	   BY TRANSFER-UPI/CR/106011195484/USHA KIR/SBIN/donkadaush/UPI--	TRANSFER FROM 5098803162097	 	300	"1,344.58"
08-Mar-21	08-Mar-21	BY CLEARING / CHEQUE-SYB   BY CLEARING CHQ 488368 MICR 520025102--488368	488368	 	"4,00,000.00"	"4,01,344.58"
15-Mar-21	15-Mar-21	   TO TRANSFER-UPI/DR/107412551440/USHA KIR/CNRB/donkadaush/honey--	TRANSFER TO 5099363162099	230	 	"4,01,114.58"
17-Mar-21	17-Mar-21	   TO TRANSFER-UPI/DR/107617070159/TUMMALA /ICIC/tummala99@/UPI--	TRANSFER TO 5099519162094	10	 	"4,01,104.58"
24-Mar-21	24-Mar-21	CASH CHEQUE-SELF--59601	59601	"4,00,000.00"	 	"1,104.58"
25-Mar-21	25-Mar-21	   CREDIT INTEREST---		 	483	"1,587.58"
04-Apr-21	04-Apr-21	   BY TRANSFER-UPI/CR/109419723428/AMMISETT/SBIN/9848154499/Payme--	TRANSFER FROM 5098766162098	 	"1,800.00"	"3,387.58"
06-Apr-21	06-Apr-21	   BY TRANSFER-UPI/CR/109672270999/AMMISETT/SBIN/9848154499/Payme--	TRANSFER FROM 5098937162095	 	"1,000.00"	"4,387.58"
08-Apr-21	08-Apr-21	   TO TRANSFER-UPI/DR/109813006945/KEDARISE/HDFC/satyam.ked/UPI--	TRANSFER TO 5099626162092	10	 	"4,377.58"
08-Apr-21	08-Apr-21	   TO TRANSFER-UPI/DR/109813997151/KEDARISE/HDFC/satyam.ked/eggs--	TRANSFER TO 5099591162097	128	 	"4,249.58"
16-Apr-21	16-Apr-21	   TO TRANSFER-UPI/DR/110611898050/KEDARISE/HDFC/satyam.ked/curd--	TRANSFER TO 4898889162093	80	 	"4,169.58"
20-Apr-21	20-Apr-21	   BY TRANSFER-UPI/CR/111020024705/TUMMALA /YESB/tummala99@/UPI--	TRANSFER FROM 4898946162090	 	1	"4,170.58"
25-Apr-21	25-Apr-21	   DEBIT-ATMCard AMC  607431*4826 CLASSIC--		147.5	 	"4,023.08"
01-May-21	01-May-21	   TO TRANSFER-UPI/DR/112117534771/KEDARISE/HDFC/satyam.ked/water--	TRANSFER TO 4694358162095	320	 	"3,703.08"
04-May-21	04-May-21	   TO TRANSFER-UPI/DR/112412764401/SYED ASLAM/DBSS/slamjerd@o/UPI--	TRANSFER TO 4898831162090	130	 	"3,573.08"
10-May-21	10-May-21	   BY TRANSFER-UPI/CR/113017032288/TUMMALA /ICIC/tummala99@/Rishi--	TRANSFER FROM 4693080162095	 	"8,500.00"	"12,073.08"
12-May-21	12-May-21	   BY TRANSFER- For personal use--	TRANSFER FROM 38759468099                         	 	"1,16,715.00"	"1,28,788.08"
12-May-21	12-May-21	   BY TRANSFER- For personal use--	TRANSFER FROM 38759467947                         	 	"93,069.00"	"2,21,857.08"
12-May-21	12-May-21	   BY TRANSFER- For personal use--	TRANSFER FROM 38759467823                         	 	"86,653.00"	"3,08,510.08"
12-May-21	12-May-21	   BY TRANSFER- For personal use--	TRANSFER FROM 38759467709                         	 	"86,653.00"	"3,95,163.08"
12-May-21	12-May-21	   BY TRANSFER- For personal use--	TRANSFER FROM 38759467028                         	 	"1,24,129.00"	"5,19,292.08"
12-May-21	12-May-21	   BY TRANSFER- For personal use--	TRANSFER FROM 38759467448                         	 	"74,457.00"	"5,93,749.08"
12-May-21	12-May-21	   BY TRANSFER- For personal use--	TRANSFER FROM 38759467211                         	 	"1,24,099.00"	"7,17,848.08"
12-May-21	12-May-21	   BY TRANSFER- For personal use--	TRANSFER FROM 38759467108                         	 	"1,24,099.00"	"8,41,947.08"
12-May-21	12-May-21	   BY TRANSFER- For personal use--	TRANSFER FROM 38759467324                         	 	"1,24,099.00"	"9,66,046.08"
12-May-21	12-May-21	   BY TRANSFER- For personal use--	TRANSFER FROM 38759467528                         	 	"1,24,099.00"	"10,90,145.08"
12-May-21	12-May-21	   BY TRANSFER- For personal use--	TRANSFER FROM 38759466807                         	 	"1,24,137.00"	"12,14,282.08"
12-May-21	12-May-21	   BY TRANSFER- For personal use--	TRANSFER FROM 38759466647                         	 	"1,24,137.00"	"13,38,419.08"
12-May-21	12-May-21	   BY TRANSFER- For personal use--	TRANSFER FROM 38759468340                         	 	"1,24,137.00"	"14,62,556.08"
12-May-21	12-May-21	   BY TRANSFER- For personal use--	TRANSFER FROM 38759466535                         	 	"99,381.00"	"15,61,937.08"
12-May-21	12-May-21	   BY TRANSFER- For personal use--	TRANSFER FROM 38759466375                         	 	"99,381.00"	"16,61,318.08"
						
**This is a computer generated statement and does not require a signature						
