Account Name       :                	Mrs. MADHURI  GANTA
Address            :	FLAT NO:502,S.V.S SAI ABODE APARTMENTS,
                                    	ROAD NO:8-B,PLOT NO:406,407,GOPAL NAGAR,
                                    	JNTU KUKATPALLI,HYDERABAD-500085
                                    	
Date               :                	12 May 2021
Account Number     :	_00000031096484342
Account Description:	REGULAR SB CHQ-INDIVIDUALS
Branch             :	SRILA PARK PRIDE, KUKATPALLY  
Drawing Power      :	0.00
Interest Rate(% p.a.):	2.7
MOD Balance      :	0.00
CIF No.          :	_86435733116
IFS (Indian Financial System) Code         :	SBIN0018875
MICR (Magnetic Ink Character Recognition)  Code        :	_500002258
Nomination Registered    :	Yes 
Balance on 12 Nov 2020        :	9,628.52
Start Date          :	12 Nov 2020
End Date            :	12 May 2021
Txn Date	Value Date	Description	Ref No./Cheque No.	        Debit	Credit	Balance	
25 Dec 2020	25 Dec 2020	   CREDIT INTEREST---		 	65.00	9,693.52
11 Jan 2021	11 Jan 2021	   BULK POSTING-21137276074 ITD TAX REFUND AY 20-21 PAN AHFPA8601D--		 	3,010.00	12,703.52
25 Mar 2021	25 Mar 2021	   CREDIT INTEREST---		 	81.00	12,784.52
12 May 2021	12 May 2021	   BY TRANSFER- For personal use--	TRANSFER FROM 31433914864                         	 	1,07,559.00	1,20,343.52
12 May 2021	12 May 2021	   BY TRANSFER- For personal use--	TRANSFER FROM 31262845462                         	 	1,09,206.00	2,29,549.52
12 May 2021	12 May 2021	   BY TRANSFER- For personal use--	TRANSFER FROM 38759470018                         	 	1,09,634.00	3,39,183.52
12 May 2021	12 May 2021	   BY TRANSFER- For personal use--	TRANSFER FROM 38759469693                         	 	1,14,027.00	4,53,210.52
12 May 2021	12 May 2021	   BY TRANSFER- For personal use--	TRANSFER FROM 38759469886                         	 	1,14,027.00	5,67,237.52
12 May 2021	12 May 2021	   BY TRANSFER- For personal use--	TRANSFER FROM 38759468894                         	 	91,093.00	6,58,330.52
12 May 2021	12 May 2021	   BY TRANSFER- For personal use--	TRANSFER FROM 38759468963                         	 	91,093.00	7,49,423.52
12 May 2021	12 May 2021	   BY TRANSFER- For personal use--	TRANSFER FROM 38759469069                         	 	69,190.00	8,18,613.52
12 May 2021	12 May 2021	   BY TRANSFER- For personal use--	TRANSFER FROM 38759469207                         	 	91,099.00	9,09,712.52
12 May 2021	12 May 2021	   BY TRANSFER- For personal use--	TRANSFER FROM 38759469354                         	 	90,638.00	10,00,350.52
12 May 2021	12 May 2021	   BY TRANSFER- For personal use--	TRANSFER FROM 38759469581                         	 	90,545.00	10,90,895.52

**This is a computer generated statement and does not require a signature

